<record xmlns="http://www.loc.gov/MARC21/slim" xmlns:xsi="http://www.w3.org/2001/XMLSchema-instance" xsi:schemaLocation="http://www.loc.gov/MARC21/slim http://www.loc.gov/standards/marcxml/schema/MARC21slim.xsd"><leader>01156nam a2200265   4500</leader><controlfield tag="001">002818855</controlfield><controlfield tag="003">NNU</controlfield><controlfield tag="006">m        d        </controlfield><controlfield tag="007">cr cn |||m|||a</controlfield><controlfield tag="008">140707s1969    iq      o     000 0barar</controlfield><datafield ind1=" " ind2=" " tag="040"><subfield code="a">NNU</subfield><subfield code="b">eng</subfield><subfield code="c">NNU</subfield></datafield><datafield ind1=" " ind2="0" tag="050"><subfield code="a">PJ7741.I86</subfield><subfield code="b">A6 1969</subfield></datafield><datafield ind1="1" ind2=" " tag="100"><subfield code="a">Ibn Harmah, Ibr&#257;h&#299;m ibn &#699;Al&#299;,</subfield><subfield code="d">709-792 or 3.</subfield></datafield><datafield ind1="1" ind2="0" tag="245"><subfield code="a">D&#299;w&#257;n Ibr&#257;h&#299;m ibn Harmah</subfield><subfield code="h">[electronic resource].</subfield><subfield code="c">Ta&#7717;q&#299;q Mu&#7717;ammad Jabb&#257;r al-Mu aybid.</subfield></datafield><datafield ind1=" " ind2=" " tag="260"><subfield code="a">[Baghd&#257;d,</subfield><subfield code="b">Maktabat al-Andalus]</subfield><subfield code="c">1969.</subfield></datafield><datafield ind1=" " ind2=" " tag="300"><subfield code="a">online resource (352 p.)</subfield></datafield><datafield ind1=" " ind2=" " tag="500"><subfield code="a">Bibliography: p. 287-311.</subfield></datafield><datafield ind1=" " ind2=" " tag="500"><subfield code="a">Part of the Arabic Collections Online (ACO) project, contributed by New York Univeristy Libraries.</subfield></datafield><datafield ind1=" " ind2=" " tag="533"><subfield code="a">Electronic reproduction.</subfield><subfield code="b">New York, N.Y. :</subfield><subfield code="c">New York University,</subfield><subfield code="d">2014.</subfield><subfield code="5">NNU</subfield></datafield><datafield ind1="1" ind2=" " tag="700"><subfield code="a">Mu&#699;aybid, Mu&#7717;ammad Jabb&#257;r.</subfield></datafield><datafield ind1="2" ind2=" " tag="710"><subfield code="a">New York University.</subfield><subfield code="b">Libraries.</subfield></datafield><datafield ind1="0" ind2=" " tag="730"><subfield code="a">Arabic Collections Online.</subfield></datafield><datafield ind1="0" ind2="8" tag="776"><subfield code="i">Print version:</subfield><subfield code="a">Ibn Harmah, Ibr&#257;h&#299;m ibn &#699;Al&#299;, 709-792 or 3.</subfield><subfield code="t">D&#299;w&#257;n Ibr&#257;h&#299;m ibn Harmah</subfield><subfield code="w">(NNU)002818855</subfield><subfield code="w">(DLC)70232299</subfield></datafield><datafield ind1="4" ind2="0" tag="856"><subfield code="u">http://hdl.handle.net/2333.1/rjdfn4v1</subfield></datafield><datafield ind1=" " ind2=" " tag="959"><subfield code="a">NNU</subfield><subfield code="b">WEB</subfield><subfield code="c">GENI</subfield><subfield code="t">0</subfield><subfield code="m">Electronic access</subfield><subfield code="s">01</subfield></datafield></record>